%************************************************************************
%
%  Project: MIP Viewer
%  Title: Software Design for a Medical Image Viewer
%  Author: Alexander Lex
%  Advisor: Martin Urschler
%  
%  Filneame: biblio.bib
%  Contents: bibliography
%
%  Original version: 14.04.2004
%  Original author: Alexander Lex
%  Supporting author:
%  Version number: 3
%  Last change: 26.06.2005
%  Last change by: Alexander Lex
%
%************************************************************************


%************************************************************************
% 
%  BIBTEX Classes: ARTICLE, BOOK, BOOKLET, CONFERENCE, INBOOK,
%    INCOLLECTION, INPROCEEDINGS, MANUAL, MASTERSTHESIS, MISC, PHDTHESIS,
%    PROCEEDINGS, TECHREPORT, UNPUBLISHED
%
%  BIBTEX Attributes: 
%   address        a) Verlagsort (aus Konsistenzgruenden im DIN-Stil immer!)
%                  b) (b. Patashnik auch Konferenzort, wenn ->proceedings)
%   author         persoenlicher Urheber eines Werkes
%   booktitle      a) Gesamttitel eines mehrbaendigen Werkes
%                  b) Titel des Sammelwerks, das einzelne selbstaendige
%                     Beitraege mit eigenem Titel enthaelt (->incollection)
%   chapter        Kapitel in einem Buch (Monographie)
%   doi            Digital Object Identifier
%   edition        a) Auflagevermerk
%                  b) selbst. elektron. Quellen (Internetress.) die Version
%   editor         Persoenl.Herausgeber oder Koerperschaftlicher Herausgeber
%   howpublished   beliebiger Verlegervermerk: von wem, wo
%   institution    Institution, die e.Verlagsfreie Veroeffentlichung betreibt
%   isbn           Standardnr fuer Buecher
%   issn           -  -    :      Zeitschriften u. Serien
%   journal        Titel einer Zeitschrift
%   key            Zusaetzlich vergebener Sortierschluessel, mitunter notwend.
%   lastchecked    Online Abruf einer Internetressource (n. GRAY )
%   month          naehere Bestimmung des Erscheinungsjahres (-> macro 's)
%   note           freies Eingabefeld fuer zusaetzliche Informationen
%   number         Mehrfachbedeutung in Abhaengigkeit vom Eingabetyp
%   organization   a) Name der Organisation/des Organisators e. Tagung,Konferenz
%                  b) Name einer Firma/Gesellschaft, die ein ->manual herausgab
%   pages          Umfangsangaben, meist Seitenzahlen
%   publisher      Verlag
%   school         Hochschule/Universitaet, die eine Dipl.-Arb./Dissertation veroeff.
%   series         Titel e.Reihe, in der ein best. Buchtitel erschienen ist
%   title          Titel einer (namentlich gekennzeichneten) Veroeffentlichung
%   type           Zusatzfeld z.Kennzeichnung e.besonderen Publikationstyps
%   url          %  URL-Feld ( Uniform Resource Locator )
%   urn             URN-Feld ( Uniform Resource Name )
%   volume         a) Zaehlung bei einem mehrbaendigen Werk (-> book)
%                  b) Jahrgang einer Zeitschrift (-> article
%   year           Erscheinungsjahr
%
%  For full details see alphadin.bst (could be in /usr/share/texmf/custom_styles/)
%  and http://din1505.informationskompetenz.net/
%
%************************************************************************

@MISC{jogl:06,
    key          = {JOGL_06},
    title        = {JOGL - Java OpenGL},
    year         = {2006},
    url          = {https://jogl.dev.java.net/},
    lastchecked  = {24.\,July\,2006},
}

@MISC{swt:06,
    key          = {SWT_06},
    editor       = "{Eclipse}",
    title        = {SWT: The Standard Widget Toolkit},
    year         = {2006},
    url          = {http://www.eclipse.org/swt/},
    lastchecked  = {24.\,July\,2006},
}

@MISC{jgraph:06,
    key          = {JGGRAPH_06},
    editor       = "{JGraph Ltd.}",
    title        = {Java Graph Visualization and Layout},
    year         = {2006},
    url          = {http://www.jgraph.com},
    lastchecked  = {24.\,July\,2006},
}

@MISC{weka:06,
    key          = {WEKA_06},
    editor       = "{University of Waikato}",
    title        = {Weka 3: Data Mining Software in Java},
    year         = {2006},
    url          = {http://www.cs.waikato.ac.nz/ml/weka/},
    lastchecked  = {24.\,July\,2006},
}



